@article{VJ,
author = {Viola, Paul and Jones, Michael J.},
title = {Robust Real-Time Face Detection},
year = {2004},
issue_date = {May 2004},
publisher = {Kluwer Academic Publishers},
address = {USA},
volume = {57},
number = {2},
issn = {0920-5691},
url = {https://doi.org/10.1023/B:VISI.0000013087.49260.fb},
doi = {10.1023/B:VISI.0000013087.49260.fb},
journal = {Int. J. Comput. Vision},
month = may,
pages = {137–154},
numpages = {18},
keywords = {face detection, boosting, human sensing}
}

@book{SS,
author = {Shalev-Shwartz, Shai and Ben-David, Shai},
title = {Understanding Machine Learning: From Theory to Algorithms},
year = {2014},
isbn = {1107057132},
publisher = {Cambridge University Press},
address = {USA}
}

@misc{ wiki_naive,
   author = "{Wikipedia contributors}",
   title = "Naïve string search",
   year = "2020",
   url = "https://en.wikipedia.org/wiki/String-searching_algorithm#Na\%C3\%AFve_string_search",
   note = "[Online; accessed 20-July-2020]"
 }
 
@misc{ wiki_ss,
    author = "{Wikipedia contributors}",
    title = "String-searching algorithm",
    year = "2020",
    url = "https://en.wikipedia.org/wiki/String-searching_algorithm",
    note = "[Online; accessed 20-July-2020]"
}

@article{adaboost,
author = {Freund, Yoav and Schapire, Robert E},
title = {A Decision-Theoretic Generalization of On-Line Learning and an Application to Boosting},
year = {1997},
issue_date = {Aug. 1997},
publisher = {Academic Press, Inc.},
address = {USA},
volume = {55},
number = {1},
issn = {0022-0000},
url = {https://doi.org/10.1006/jcss.1997.1504},
doi = {10.1006/jcss.1997.1504},
journal = {J. Comput. Syst. Sci.},
month = aug,
pages = {119–139},
numpages = {21}
}

@article{signvcvcdim,
author = {Noga Alon, Shay Moran and Amir Yehudayoff},
title = {Sign rank versus VC dimension},
year = {2015},
issue_date = {6 Jun. 2016},
publisher = {Conference on Learning Theory},
address = {},
volume = {49},
number = {},
issn = {},
url = {https://collaborate.princeton.edu/en/publications/sign-rank-versus-vc-dimension},
doi = {},
journal = {COLT},
month = jun,
pages = {47-80},
numpages = {34}
}